<?xml version="1.0" encoding="UTF-8"?><collection xmlns="http://www.loc.gov/MARC21/slim"><record><leader>00327nam--2200121-i-4500</leader><controlfield tag="001">000005496</controlfield><controlfield tag="002">20161230</controlfield><controlfield tag="005">20161230201026</controlfield><controlfield tag="008">060222s1000------------r-----000-0-eng-d</controlfield><datafield ind1=" " ind2=" " tag="245"><subfield code="a">Cobalt. its chemisstry, metallurgy and uses</subfield></datafield><datafield ind1=" " ind2=" " tag="260"><subfield code="a">New York, Reinhold Publ.Corporation, 1960</subfield></datafield><datafield ind1=" " ind2=" " tag="490"><subfield code="a">Vii + 424 P</subfield></datafield><datafield ind1=" " ind2=" " tag="700"><subfield code="a">Young, Roland S</subfield></datafield></record></collection>